001  0000139
005  20180602120150.639
008  170704s||||     bl|||||||||||||||||por|u
020    $a9788540501041
040    $aPorto Alegre$bpor
080    $21997$a82-93(vermelho)
090    $a82-93(vermelho)
100 1  $aAntonio, Luiz
245 10 $aUma princesa nada boba$cLuiz Antonio
260    $aSão Paulo$bCosac Nify$c2011
300    $a64 p.
650    $aLiteratura
650    $aLiteratura infanto-juvenil
650    $aPrincesa
650    $aFábula
650    $aConto de fadas
650    $aOxum
650    $aAncestrais
650    $aRainha Nzinga
